@misc{TypeScript,
    title = "TypeScript is JavaScript with syntax for types",
    author = "{Microsoft}",
    howpublished = "\url{https://www.typescriptlang.org}",
    year = "2023",
    note = "Visitato il 20-05-2023"
}

@misc{NBodyProblem,
    title = "n-body problem",
    author = "{Wikipedia contributors}",
    howpublished = "\url{https://en.wikipedia.org/wiki/N-body_problem}",
    year = "2023",
    note = "Visitato il 20-05-2023"
}

@misc{VerletIntegration,
    title = "Verlet Integration",
    author = "{James Schloss}",
    howpublished = "\url{https://www.algorithm-archive.org/contents/verlet_integration/verlet_integration.html}",
    note = "Visitato il 20-05-2023"
}

@misc{RequestAnimationFrame,
    title = "Window: requestAnimationFrame() method",
    author = "{MDN Web Docs}",
    howpublished = "\url{https://developer.mozilla.org/en-US/docs/Web/API/window/requestAnimationFrame}",
    year = "2023",
    note = "Visitato il 20-05-2023"
}

@misc{LeapFrog,
    title = "Leapfrog integration",
    author = "{Wikipedia contributors}",
    howpublished = "\url{https://en.wikipedia.org/wiki/Leapfrog_integration}",
    year = "2023",
    note = "Visitato il 20-05-2023"
}

@article{Yoshida,
  title={Construction of higher order symplectic integrators},
  author={Haruo Yoshida},
  journal={Physics Letters A},
  year={1990},
  volume={150},
  pages={262-268}
}